113344331123133434343444242334322344322223443332234432322344322423443422343442242224433123314243322334314343343211143431422323422442421132222232222222222314331322334432332434
234323344114332434142233441143322442112331412234432144111141311432223314141124222314141114221342441434244434222343141323321142442324411332113324314242323241432232443114212414
431144122231314114113224414311111223331324231214321214432423314232241444143243144113144111114141332231414114131244322331411114141124341141424311131414243211411211433142244124
313224113211131144333244143143214222442333142221323142432223124412221113324443242214323432224143314144241114342432212444222232242441412231331232132331111124331314244413142314
222241121221142131111124122222333321133241412123143313331421111123111111232442124324222421311224424431442442214114113412432124122242223411133123122214312312224441114231143142
424241122224241224413222241112214424443241221122222241222233223141444411142224311322241314113423233214421223122324212222431143323111131213424114224432224112131241121444113223
232443124422224324112223241222223232213313221231124233141142241114331143242322312442421223323221324424313321121424131121312214331331424431114112434323212424414142443331331243
323131331214412424143121222232422122232424321141421422232212224134242132221322423321142424431314114213131423243143313241112314411234141242314114211124323222141113211112243223
322241441111111243133424222111223221121221423123321142121331222124212332221211441124243233214331324232232332223314431241324111232112313244111331242412232111212122124211124221
124212212422222211123122431223112222211242311411211244131432222423144241321321131124323322312222132132232211113114422441223211141211141222244141323244412414242431222122223141
422413121121241211242413112212414132422221113322114133241243323142242113222222222222223241413442423324323242313331443244142431424434341232324323132431134233433233344422311431
122323324332314332333414214324431324314424312433133124333444211222224212222214214141244442231324242214331441244232321232332412324424123313324342314332333111424324141221314134
241433132424322443343323142242112422124322223232411433112222211411422314233231432423241333323313142244322212122314111421111122132211443143224411424144332444113213244444311321
421241131431321222131442323222323224332224122314143242312232314211121224121422221224111311114444232221431244411214211314314243121123114121122324212332231323222223232433222222
213221111421112231413232211112442121411221221432241131224112212323423221132141124222222111111314222221112422222111211131232243214212412441112131324331422312222232322313322231
224113114213231442433144213241242143312214144313113142121221143144111112311422133223124414222131223242412241124113242114222112221442231122214242114121324114114222242142224142
211414212222131232211411222433223222243322324211222211113122122421411113133113112231441111112121111231132223331311222222414141412312313212122221321212224214122242243134213122
232212221311112212212112431211111121431222222332124212111212232231111321222214443241431311244323124332421123331443233321322144414432414333144142224142234222321111111211111212
121311134232224222222422242224222422222442414111444332313331423133314422441424314244242412312443211334314332223332333144432311434123323331232414332333114224324441331314433312
133133124332443211222224214141241442323132224224333144324423224113223244432311431423323321333244332333111422424441221314431241433132431333143312112121222221111243212421212433
123121223321223321221221222113313312312141431222144223222231322232422424112112431124224112324142231221142411414233143243131324314433314232441242144243231412442232322241413144
322212332224432323122222224124142421312443124144413131412233432141122311123331322424212113321444311242433131232324313123242231224211441221312422214242121211143232211113112433
241313121421112141121211214214243222332224324224231421221323241423442223122323131314112412443343214114323114432212112324321432223241233313244312414121323224332112142213143211
142331441432313242213244232433224412212424313122332411331433132121432144441244111121324223324422132211124214424124323323331212133131241133211144142332441441443342231331314411
132414424223221411444244124324431412323213214221414232131222433221323122231111423313122431423231222213314241232143224121144131223121142113244124122322211312243141222411144122
214221414232131222433221323122231111423313122431423231222213314241232143224121144131223121142113244124122322211312243141222411144122111211142311311112242212123111111111111111
222324241143141142324441123412324411123323321122222132333232333343413233241223122444114222311123143212113244141424324114122412444123422433221243122242222442222131111144111322
413141441231243242132211111121311312313141441142141324121221131121322132112112113424332312411121114123341114411224411211111222332431232312433114444411131331411231142422334342
412241141313333323423311411243111431312331121111214324412212113233232232223232444443342444424441432444434141442433422443333342243222233232444114412443431343244414113144421341
211334441412142412411421312331221211432423431414444321341424441243444141242444343343433333444443343333343133444312322323323331433344431313433331233143343123334441333442343314
413323433432431413333443243333344343343343444433243432314333442433133242442331332413332334331443344341341322323334334321334334341322343341412423314331432431332413433322313343
434444134322243313442442441441432322314441344442411324444414412242443322322241422344244442312424242441414342311334441412423433332442441311312343332424412413241421332411334431
324113344313324313133244123314412113441443244421442431322442412424142324443241443313144233414124344444224414243444244432332444431124441443242441433443411121111231414224224321
334333444233431114334424434333441443243134414143442433343423142413341144114141331141241124314143334141441142224434244244244224424224433414334432334243441241444132243441123313
133322332314342233241133241224432234242341411444143234441431224124414233143141222322244144124323222331433114144244144234332121232431424141432331433124144132131231443142233221
124324431143134233224244112133331241313242312244344334323144113242444143244324143141114411114232243134144143124224113232241244144112234322233241111114114244244441114133243241
114442343233232231314324433342244114114143442224432233324312231434431232323433241332443244232333232224444143222323224242324331322244114143411144114123142121241111241314242423
244141314141141111423313242312441224114111114413324423211113411131412122211432233122231142324442332244141124243311124214414241121141131212223241114123111121212224233141113232
244433142232324141144113244324324111141113431233243132433244443224314114111233141112122432422311441142114144144144241242143132233114124431331431222442232232311414224133122123
313243324444322431411411123314111212243242231144114211414414414424124214313223311412443133143122244223223231141422413312212323212232211112211131242244441113114111111111111111
341433314234143343432313323444323334323342323313323343322243332443443434133334233344434344333331431423434343342214332343433343343431423344433344343412444443343343344334414333
331332444433343433343334334333431434323232432332432431432432432432342343243333444423313431443331443343333422333341432424314221213124441143242241213311111211242132221211112311
312324244114242441212242331424344433123114243242224212431341322411413134313221231223142444241323242222414114243113314123232332441122311313113142414324241331431144313111231314
142331414314312243322332424244411113332444113233241122242113243113141124242431321322241424414413313243143324311411141312122211143111211441442433124321242422241241141422414411
431241232311233232412311432214244243321322442441241323341233441313223232122312311242224214141312141313132134141333144223131432434443324233333344313243343324332442114144131331
443422241242244331433334441344132411432442434311441314432242332414221342414441141443144111432141322224241244231314333243442413212213122242224333423441434414141444313312233311
132313143211123311324334321241112241424412213241421243324331314141221332441114211113224223232414344341431431441242323312141332313133132243331414344144223123321212223141244111
141121222422221222411242324244141113241112131422324211211111131143243142224331142411111414341213323231142311143143144114121331311231413332334121223441244141332313322412121222
244144241241124314323144422231434412414342312111322241424311211113343144211341244411144113233242122313144441442241324313321322322313124441313441121343324242211441411441141332
332324344243313341344411411434321241332423343432442334331243141133141431411224441143242441244314231413441113141411411431222222312211212224231314142432431441144311443134144424
233341441343443142424243142441211111244114211111232444111122212223323233312411141411144111312231132323221223141244241241224244231244311411112211113211212313132242124311433144
241232441114243133142422414113223244441144344224322221241422241424431313143243443324242432423211413141144441411324313442322241323331443144422223222241322123133232313111411111
244243321211142241413111411421241322221212111242424244333442423242414333324231433141323144143324331442443111114241241411413224411322444232414211243411432223121221241244412412
331132411321314144344313133321211311241114131313133414143213432312313322232324241234141343444142444322333241121231441141441211323313321311322334424421313314321243324333441441
433332441124342142413341333323313432441431421341332323314232443111123241144244332244144111324421243312441311323144441131242313424414411121321312211342424234433232411233142433
444324311334121243123443224331412411421241111141231444323322313241142442223312314211322444112443111413344333442442241441314344314332332232441121342411244423443324313313314341
244314131413313121213313414412331232342324323314444314432411314331333312322223232311324441424242442314222332424411313141443243324233312231413113413441213141331443224323212114
441233311314244122242422211232211233432111314223431144121211342323244312244411412222212422211242324344313112433242324244413312332444111133243223244324241443141113331113241141
432311411224411433143114433142344112241411114332331432423313141444322312313232413321311144433232323243311144213343241243222212342334322242224311241241242221323144433332311122
332431231141212341323244431144412334111313221322241422241113343422443324242233223233142441324331142313341332443244111241421341332413244332114313142314411133224413443242241313
323242341244414111414413222321222414342224311233232333221312233244124331444314343142444423224322142423141144311214324411232444242442431412414233331143343443411244123222414312
312421242311344241311424244411331434322323313314412313422241424243231412123444323133143122231432231441244224241421342422212324414113242441143324233342242314142441144441311324
241442411141333114431244311322421241332411433332444332311341313312342414343244341121313221221322334442324244411432223323141342324333313114241311423311442442323323124231441111
434441133431444122231311142443144232332413231411432113221241111244322422111112411322313444444441313224331211442221231434323313143312322322321324241334344313331434433142122232
111441413223141224223321322422241424434113431421243324333133222341232413241124223122311141244443244311323322341332323423332423114421314241311324441143312313244413444441333441
431321332312311242324311423232443333431443244313241433424333233141143143343424232432444244323311433342411332344314442114441344133231424414141244312112242332411121342241244341
322124233141244412234411111423113313312334122313324314341414331142411323314433312422312314343342441441324241421313322243324433313143313143324233312411414311341431241241324331
442313311333114313144131332422241232414323322114244314443444122313143243221314341411444422442221312414312324244441411241111324333233244342444443324322244131413314412214342444
311443311311414432414121342441331442332431432442421311441244423333224233323311123344332414321211414242412314222342424314433241443344433113311214433312432312323332441311431413
124313232322322323324431313433432443324341431143413341124223342414411244114323212242241322423233332212231234313244244221241443221241241414241441241243323341213311333241222321
312311212224231433132111233312431344142433324233243344143343242424311142233212241244233333312141212344334442143144133133112132311233112143111241412221322411222241114314213233
224322143441311431222311321313323432312343422231324211414144242414312444113433211432422114413314341424341322242422341124441413233242342324233241241142414412441244324213332413
141241431432332321314322311322423314332223313414313322211442413234341323434313321314342244442424313322243142344433141131144144324211441344144142324232432323144313311444443123
322244134432431123112411132441221314431331441241143442342222114221342411244241234224333233141113341241344342333324242322333322312122311244411414321341441424312312141414314443
411432424424214313113243441321341314141331341424444322324314131323111314321334413123314312312122211424241241141241441312244414433131142322314241142434244424241242413122241424
411113111142242324333233111411422441424311122342331411131311113321341332434432432323323232313344423324423332442331311344142323421321212111232424331411112121211144433332444324
323241114443314312224314114413313113244241342331442332444132342231313431411432444242312144241311142242242313421323311144221233424244244111211413343123323342412141122413324213
111413442444314133243122311414422241212341314324313221321322314324441323334443243324343342411433231441442431412442411244413312313311333212111244311414322314332344141212221222
211432422314143323244441312414413311244441311321332421241412331132223323312313114323314111333443424323244143311312124331442411433311341231431322314234411142244113323241311413
311421321332231141344341232341242342422243323223323211424344111441211413311423242223223313312322322331324241333232442441441344412333341422314231341413243341324331421332322323
224421313323143342424233232444442444322241314341411233344441341344431412431311444432423141134414331443142344343442432314332432432442443432313324324332432443332422432321311411
441414414441113142412114211432413313224324214414114223311342423321311121323111442411211441141141413141241411241113141424432412441141412331432433233233134431444111441144431441
411344331212213313311423142411143332314323332431244441241331441314241441241442232413312333141442411142231323444314444143244443141414323331333142414111343131414311243332231441
434241441341214442444432442314444241411443414411144411423314323243131431411413142414323313311432442423322331241341314341341441332322131312324132334314243324314444143134414334
344413143311431332331133111211413223313234124124322321211222243322211314111322231111444114142222242412444441414442411441442314433331323322332412242221314231224411211443124432
314123443313144434421332242433314442222433331142332312221111431211443344134312323111131414443243122341141113332243243222142333412144421222413333412121222214312222112232323333
321222122413222413112213231442224141111144111111111314331334222322332433143144442424124213314222423312322414124424144324231424212444431432233443444124224113244231221124242333
324142244143231223242323222232322224322232422232211444313131313424342434143131313131312134243131444233334142433214422224414142224332422321243322214231441124432431332222243124
121232231143324443421314143131222423142122222433443244241122311131133243331114122412224242422242424242424242424242424242424242414244142241442423141411112411222222331412224444
212144232312323223144223231241213313322213242432212222222114111111424224123113312234133212114114332211222431314242424132213141113243124111112312444331414332344333214312243132
244332312432441444144324443444213143434414414414441443314434443124434244144144144414433444344231314312441441441444144343243244242232212232443443143433222332433124222142411241
322223234312242141122421212141323244242232122432414114311133433324314312333231433242133442224432443224222412223113124142421222222111122412222232322312222222223112311322213242
432414114311133433324314312333231433242133442224432443224222412223113124142421222222111122412222232322312222222223112311322213242112121114212231131122231121111412111221221111
312141433143444343444344413444343333434433441333143314443133134324333443332434334331443132232223344443233214441343314114411423113323243243223233224433243422441332233222222242
242222222224222223333222322332222411221132443223224432441242222311322322233244324341132222333311224222233222213113144444141114243232424423341443414334241142243424243424431424
243424431441242434243424242113334143343334123242223412324343343441433323332311443334323313324324344221343443432342444242234243323441431432113344344424324443413442441441421234
232343243243334142314443241423133314324124214131424432433223341141424342422243124242424132324344324323113233311311133141441331433131113221133113123333111333414223131412424441
414324214113332414242312341324443322322124122422422221141221432411412323241113432411222232431324143422224131411223122414141131414113124131142132232143231431324323311321324114
324122223114432132211111112324314342131221124412223242242422211122323313141224212242111212222124114214143121242121212221212121342431312131221421431321332224411423231432322432
222344413241143314222243124121111424433224221344414121122424223242244413222141311113231332431111113241314431221132132441132233111211242422243241234222213232234312111212222144
114242124141122224332231441132222321131433111413141132211332324311431141223424411412142323313222221124313211431123442243214414333123324442314144334123343141133141134222233332
332441324221421132214232333233233332113313333343333333331333333431421121114433332411342421242244232333444143243224324114123343433332423433423244214414324222431444233211323112
344322422424124342123333421412433143134143343343223134334332233133434324143331443114124143414434224334324443433334413433443432433324433443114324144143443413343143124424414424
324433413313334443414324424343133413143333113223323243233424324332134313244343243113114133324333123432223114424424433321444412422331412443132324423132424124432443112412411113
213234432414324141112432133431433124114113314422431141222112413323144222423442341142441141444111143223132324133123132423223131113331334311423433133213313141433123111123131424
412444333341411332341141312344314111321412412314133114333444143224233222233414344323142411324414314324344343131433124144423143331313313331433333134333113332342433233324113313
233132433222113332314332314142314124314412131144314123311331233331334244233213412314233213311213324441233122433232332232424313331431134333122231332441342433143443124131133323
232431411322233142341323231134431333413324131434223143413334343314223333434324333233123233413333343124313212331443433223133213233334134334423133234443123443123443124234433124
443234433134343213313133213324334334333213333443234234311434314441443334223311433143234333233213313324213213443433234433443233213314223233124424443443414343234334334343123324
334333243133113433233133443233434324323113333143323334113314143413424424414433414443143313143113233333133113124434333233434343324414414433424244144333213241443433144332443334
432444333343444334334332234332334443434344433233242234341311433343344412333444333244433344331334233244443341444343334134433144123234324214423144333434314332332434333141143331
343343343342324324434333344333234344144242334144341343133234144424233433443333143133314444134343244111431113144114122333441444111324241124322324122214311243242411211111411141
222212133322413221132222211331142242221223311141424244112222442244442444444141441444124311323433324222443123211223221222221122222334313322123112243111124342122243122244424422
222122222121213422212121112121212111224143224322322232243222413312441114111212412233322223222114222212221132222322224413222244421422422222222242222422224222222241411131432131
432224442312222211321324212233313114411233331412122212421232241242231413122212424224121122222211221222111242132212122114111112123114213213122223222242232241214214331114221112
421231312241141144321411111114112414211242412343224422123314114212242221312211132333222312422112311131142414214323134314311342222211214412222214131324144423132331144123141142
124411222232433144323113114442323121232113223323322111131414114423112321422331414442241443144243311211221312322244141441222412223243331444122243231333311442312324121122231314
124324242113141131314331114211132424214444143313122213121441133111231124112221444422134122121431122211444333133141143144332341441423112224332324242433231424414131142444111131
244233313324243414133333242332424324323132311311312322242422432223133144324141333213332124444212124443222213324243133142424131441114122312423132132423342443213112231114421233
112423432421112222124431321222221224414412224423141124314224224213113231211121321132432412222413131242424323311124123244244221222113421332322111122342241113412223144231132324
114142122241114314413223141131424222412222212222121112221143122311122144311123222443243144314311111314324413221222111131132242222241422223221212121212241221222422221313131243
142143132224421141422111414211143143221242242314423422322123214141141432121431412323441311132314112121223132223122222413144122333233131132314222312121221223342122131222224314
321112213312111124231431112421111122211222324111143133122143331222333331112211134211124222222223143131242213312423241332431111124324414111112411441111112212422222314222112232
422113241141212233113231111331433231243232412214121123222213122411332221323231114331242424414444432242313212242144323132441224423122214142223131413232213314312121214212221122
422231111111123111324214224222244341214423231343113131222224212424242424242434242424242424242424111112243122312241322314421412211442123222221223122433323144111422114421231124
141333221143311231242112113243124242324423314414114212241121143312223213243221323124233321222124122231131244121312122231422322232222232313212324111121312223332333232322333333
112123233322222223232322332321232233111333313222323332332332222332424223232211431412143131213333313331421331112223141131311411442331422322333332231312111441131244222423143322
232332422212444222322331431411314141312243311331212244123243224324233111331431113222332444311123131123142414211121413143322232432433224442223242431412111314111243232412214111
441112411244223313231112423324311222144122431412223243322411121332422232224441312233423324124122222122222422442222212222244444411241312422244423222212131241111222422241311211
232313111131212222131232411311112433222224222133421434212131222422224441222224242422242244411222242222214331442314212241241443241231222443232222222332233141141422431231131114
221122421222124212421112141222211432231221211112122422112433212113222222231122222224242424222321144132222232214422243211121324214441111111243223222321322242221222214132221111
241432132232212231322224211131432112143124422331122222222114223132222222422321444411124112424311111114111114113242244221222424221223244124212111112311244111111121113222311122
411124134421211313123213241111143113444111242442332122211433143333313321444232122242424431422122444222442313111131233241111223424342444322322232333244213111342124411243223221
114444113242311432442423223143314124131241414112123331411333232323311442422232141214313144141431443132431324233131423313442131314234442444334332333323233244414312234234243331
433233332323324441431223423424333143324143144431432441324324324223144143313314143322332323222421331314222322324211123314242213112314242411244311121113142224131142131213133121
434334332332234434223433331444133443144344444133434433314432411432314443332423243232424413231131422242443114131143231411324141143242313313142143224414323443443131133143133123
244234341244244131344111433313232433333232333313234144334434123214141433342212324114142233243114111244411131233114141222343112331234434144121422324411432224432221344112133142
122214411432423324432314124432344231231344131343222313314322341433332332344241322123324244233334431434244134142323331424414312241131234112421411232434444131144332314432123122
134414233134342424114432431144432232223443411341223413231143244242124131142434133431432431141233141111141131411131112433142122423412223131142433222324234441242313131134341223
422224413411243311412324141114311113241114314111223221332424113124131214114122324111324314123231112323244331141411232134144332132241141132231131241131144231114333444231233232
314411144331421131123313322224231213124121244141313242421244324141141343244244331143244244331124431233141131144144344144233431232223132432433142431342314244141334231344143231
344112234331144331233314432234311132244133241134123114241312243211112134414222124144331212234331243242322324241241131114134441243244214342124411124442221211323424112233211111
433211441113342232424121231244113331142224122224331241142231124313244113244124131424121232333222224244324321231222432424414123423324433223211134214413131224111111243144144421
224213124243231413233133243141431133133344134121232223232233311113223223111111244314133233443143244241344143124343143244243141231231141141344142344124324343243133343213243144
141232131444131242132414223322314123143313133222233144142232411432413143132131114414134444414314313412222431311121233133132221133221414322441314232414324214421133443121221223
312123222422221133142132232114143121411323111243244444214424432112323144132444114122134434112212432311244232412222113231333412422112311243131224322214123131223424122213312221
122113244211332311112234244332423223331223133334322224132122424323322212112232411113211231431322222113112422212112332121142321412421233111442411421242111114314311112122212223
111413223132232422233241123211141114131131243243222221123121441244141122221114113242224443314431314234323121322421123331431322244414433414434442441231311442314314123414133123
324433113124424111333242323213211111213111112214334442424424431312433242112333143213234441143241443144141122432241133144414224414422431424143211413243133132431323314332442413
141134141323242322111113111311131111111111232422141211432123111124314324224222242222244323132422223424422421132112124244111443331222331442224342141141433314111131414232311413
333343232441324231211432143133342442114344413414131143233341143334331432233243233132314323342331423113324113331333142331432423242444112442442422322144413141324131332213224231
424223323344433331222443143233342123222242212422432222111412124124222212242222113232244241314214124323232441434314134144313124242322312143324443244424441433142313332434412341
414144444214142322322311124431422221322311124431412223131141422442212222221311244222144224221142323322242124211442142222223113123211112222242222143322311113311322133113323142
331432444114431434224122124421422242311411212124413324411131322232323232423313324421412111224233242241411222221412324413244113243314413313343323314441423432444313324414421234
234124332323333312322214111122244323223241442312212212222114112412214412241211444233312413314312212411112434141424441144131314242414132233132141111114241114221444221441312332
222221111122131112221423342222442222242112314432144313142443231313124411233314313222444144334144244414412313224143331441422341413314332144311312143114133324232421313111122211
111221422312344442443131312314214233314321323243144324144244414412243224113331441442341443243142414324241232313313243122331433244424131414221412233133323233313333443111111111
111111141243112311144443242244331431124431431431434434443142324333114242322144113311114311121111424222331212124331331433114244331233211223141114114321433222414242324231244243
123342223142122122233211112414114333324242311311412331444432441433311243311433242422423333143413332431432432343232412421333242433122311441412424423314411142414332312442222314
141142312242232422213122223121111332422211112143233334232314432223143142113142414324132443114223412422143233344413132314314341244241431222244222332211443331431141322331444131
232324424114331411244141313334241332314432411142313234131224423232242422412144411441112314431223321222322211121131111331321122433132311243244112122224442313321123121412223231
444312311213231112121443241221243333142231112444113212211314142431222322432243244422231131413123143311114113111141412423144131412233144142423441431312424244313334323332324431
434112421441142343311122213331323223113114231224222111313442222231222232311322221121431111142433111423323141413321131433224423213342432413314442411443134434144413233233314134
243323224242433143244324244323444143141343144332323312242331444414332443443431233323323233313323324431322331432444242333131242244122334233331331313223314141334414113242431444
332114433422244124112242311113114124322331422131434431441434441324441431344432413443243244243322232233313323432243324222334322413332233233143233412414114142121114312322332113
444242422243212134113121124413424114244443141113331411323143122311441243331441414324233324222211141432424222242222422234312221414143141311443133322324324343241213422232213132
444331222214133333144411131433223324414342242324414422331444131444314332333141433414311414323114421311124141412224321213342414114231131132214331331322333343112441331242113111
213323143144333243111144331243214143241443431314332424433232421422144431442444124414132332241424313131332414332433313131314444143143123234212413423244114411322344224242111444
143322411412134243111144243213333112224424111324131224443134232244432214414114344334124423334433243142413111333333233334313343333314313333323233232231332322332432443313414411
433132233231414141333213314124344124411131412431331114311433324124111334341322332114423242323323241132243133244433232324242224422331143132233313323111323331222231113313242123
232434313123243213221331433431213124124414442222224423324123314244331313324232224111242323132411323314222211112141223122432231131314311433311243133314321141324432241334131433
244332224424444443223324444332444411143244331332231131432442133232231131424244332223111124314124331331441411312433313143231331332124412433124432324443143222311143144223324244
232332314324222414444421131431112314332331222211112411113133143323314124214443324324442422432143343244233331443134424313222323313323324314332333242242223214132322431332442414
243114412144241333144443324314332242332314323331232332441324331433231333232431422143124422443324124314441233341444122132222214133223222313122314111142142121412231441414431141
111221243242331214114231333124114132412433133133241144323124122422111112423313444113323234233131441442224232311313223331222221344312244312243311431244441142123243232232312422
111142443331432222322113231423311432413224222143243132441122232213311331112122243123414311144444324242431332333211244314341241244324324231223114333123223141342313142324411424
111242331311131232424431411114432121344133133314224243243143222131414311441144422424431112111241221133243323413242432414443113111443312323133111441221223412433122111231233342
413322332432233414233124433222433314443124213233332414144332232433214111412321241324442233111422414433214422222432444122214121222231443133122224131431223144111134422122413333
121413214442114112111443112111222442324132314112121441412331212122232324411133131424213132111124241112241144222242211111411111412112414322312432224222112213121124122233122134
321222324241112431431442232211134221222314244312444324411432212313111114331242424244332212314113141114141314432442433311443243243324323313322224331432324413123241441342333443
141232441124444333231132413312224322323141122231422241413124141442121123142213222232333333141411133322224241444414144143212442124244223143241113131213113243123322224414233222
433113111113141331131413314124424233124223112123124232241244134314324124133231112132241424423231244324221412441221222411111111111111111141414111111211224122222131231414121431
113211413324444144444423143222212222122221222222221142224321422444231112424144144144414232133243313323223232243333232232433313131233143123311112331223122211241122412111424334
243111324424313111314433333142331343143324432332144111142442413344434244444443124334314333244413131423444313322333344133333144332244324243323114231414144423143322314433334414
134142413244334123122231311211112313231322224431132231322222221144313142314223322223231242133231311114124114133124214213232222244211142213142422312422111212313222222321312242
424421111141132134221121432121232211121324241222413222224111112123321121311121222213211322131123132312221121141113122244122322224111231424221122413231212232211114332443232241
333212244111313111441143241112311131232111121313243421313424243424313131313131313131313131313131432322312223233241433124314112221322231124244111232422333222133131324212124313
141431311414144321232321423132233133143414433221413233421221414433133412223121311314242223432111413332231321223224222142111214324232432322314441132422133212444221221331114113
432443112244111242332412441112232224313424334422323244312332331442443331133311143141114314111331314133334241423233331213322422233112113224431111322322442431212244221313332324
441223121124331221443211113332114141414442241314111313134341411241443141233314143114413244433314132323313124243232132142414243322121323231421222244443221314322322122242432111
114424314223311142144113243313131443333143123323232331132231213323232332442444444143444312331441332334411231144124243141411414341114211222223214231312411324122442233144311221
411112443212111121133221122221111111112322444232234222233212214414132411324133131242122412221212332411212124441132232424222444124233213242114132412411242131414221122231444213
223422223321221441413241132413313124212241222121233241121212444113223242422244412423321324211413241241124213141422112223144421314222243322112442222111111211132122222211112222
423122414324124243222243114444232322214114244214444314442341414114114444124314112324213124144114414331414231323144111323323122322332434324432424431313331334424431313333233323
444233142231433313141323324441441414331444333314332323322241441424224314332223242424331412433214241141111432411133324414322242431242211241332244111241324143231344133323123131
331244414132131114244333133323144133323133133312314141143324231223132433121112424444143322431144424114243223444233141331113122233131231142422231332431114242424432424133244313
114444432232231211141134414142123232431333244132133143441242134441313432433124432424444142234244144434114244241324323244431141332133123331122432224322421321232431143433342223
313334414133414231312231124441414132433222423113232424313143341242342331423341114111331332232331431122424334432434411414121231141124443144343243244343244121143142443132244442
432221112431142332434441144233231334444142131231431144124424323342132424111144132133144413232224444241112424144342423133142221231314441114233244144314424131113122133133331432
424313412431431412431133141242231314114414144111242123223114432331334222443123334132421143112321341141334144111143243443321331441312332344111421222122321443314432331421223324
432313314423121321232124311114214131124141233244122131144122214314331223341144231144311222124131224113423314123221221332124143322232131322344432124124131113144141413141433224
414142323341441322242323321323312314314114442133144124223444123441241233123442331341433144432331231132333324242131433433131432131323311331342333432323333143122233131413324431
124143342331434433441132333323233322133443314131433433323211323311322134323144333321113122233124223314123114411231131222133411143313331232131113143124324332244314333141431142
332314114121231231142222331142233314314333144313314133331434141313311141224141344133132443324423333332312224324234214413324131241113431412321424431414144114124124144113223241
413423443143223114114143112211241143221132314433244413142241232241114114141244141114141433444111442312323242214331423432134122323331231132314322313121223312312321111324312323
233324432124411411124443223133443324222321334132234323142121131432124444124231434444414243414122133141313233314124433131243324311241411244133414414242321243331131242244113311
141212223312124111243231244241331131414443411131111233231414144244131411331443244143433132214333324114242223444111232224411242331213144142224131442213323222441413431134131241
141111114311113232232114233313234241124431122141411144132413142443442433331214412423121224144333111322412244141122243111321334234323143113133111114141114232442211113133124142
311124234443314331131421131322433114114312443421411122232124223341113131414214242331312424143222231312213322124212131131441432434224222232232222232222332221232422423311311314
243241324233441211414324431142433322144124334312444111112344221231211222311142121112121222122114214343243443211411441141424144442324233124444244314241222313133343322232241124
432234242213231433424333244314411244113233123144411314443143232422241124444241111131431111221122322143114323322422323213242231334441332443244311124132214321221421212221111132
422311114311114141144113144112411144111332233322113232223243223331214314423244223324323333433214413144143242324414323313322243111411144111113131112243333314122443331424431243
312214424122224312144443312123122312443311111111331111143111111311111311423331242332132413232142232233142342212332324324232323244312332124112314123114333124324224224422222114
422232223112112144321144111413124222223232222111232324311323311142141323322341134212221122244332222314322232232243331432324234112231244424242424313124224422231323133314142112
222424143124312424322222112223243224112422242332432424224314322321114131224231334142424242413231114123114142414432111324341333311312313223322312441114424224434324124214323124
411441231413244411331314144114412414424441242441442314143123231341414233323144323243113132141223411212414332144422233331131342434243121241113313123124122333413424142214124144
414142224242113233131333144144421143313222122123124322244443242432211411222114323242222111433411411411113122241122213322312124331321141131111432324114223223324324431331112122
144122131143242323232413133142442111111431142141121422232414232424224314332324131342443231334324231222444441244112411314231324223212143123323324243232213321144112321112242332
143322331224321243132411241441321323234242424242424242424242424242424242424242424242424224412321321131242221431112443232413144424433124143141241413314323224322442244114331313
243142224314222143322244242323142443223224322122331243222223212333123323232324243332332431124431433224431311243324442423323123322432221323244111424244441244141441244243122233
142432233221332423112113112442443313324442333143132244324424414141222222231221244143211211144423332134222213122412211241122123133314131242431412411124231121211411111231144212
224441113124443121123144214222243211112233232233224423213121114114131244423242312141124444131221413241111324441311333332233221222212141413214414221144443324332114122431424121
114113241133321112314323331321124111333243222332242123222211132314223243123311322414114111111143223222331212311421331212414223122211132431332243141112431224331411143133142143
323321232431143141421424323243232444414444231224411133121124314142444333332132331222333143111144323314324414441244422424444311332442233243211324331412241124242444321411243324
313122214221113244432314312432242332311112423312332442313143131311412443212244232432222133321333242132121312411112233142212211313132311132442441432242231333214411444412242121
212443144322333244243341242111444321312224441131222413223322444132322114243121124124431241142111144443323112412412144111123142232222111122232231141111233144321231312142322232
424241322122144141214411414312244411132243131432143212431232131222244222444422142212411124223221121241342422311211322313121113223324223233111133231114141214142211241422422422
222222211124444421422223212324231244432321431232132334321333112232423123233114324142223323223241443141443244143142232222231422323123323233123331123314212123112311323211323441
413423214324431124222321111322231324412223222141312241143111312222222321141122432232314124124121231112421212432222431142224111142231112211331322224132144211423222321111133122
211143211324442322143123323324242124411414131442413343233144224442432313141133322223324132323124411412442441144111121413242323123113332332424233232411431123231422222122113313
323223242422232442143212221133242122211232421322332124331433231122221222412222213112212232322321133112411424222423142124333311143224323222242432333222241121132223212331411111
414122122244413224141222431424121331132212143112412421322211444113213331132124224241214114111414111332231322244312222222221123132422212222232422243443331441143142444144244244
314121243222431212441224221242222212224443114222112312441111323111114114444441112442314222114331111411132223211131124212144213131431111221113111233113112223241143221424211224
142442442242212231121111221223331111424222323321141424314223331241423132233241133312241331114424413141413112332421413322413122314111412424143243221324123121212431213422232221
314314144111331224233131111324124223222244442222124213141322423311231242424244223324341422432412413233431224114323232414223222412222114224442221244112222223111242244114424242
442232233243332333233332222441112124111431112422214114112233222241111432424234242233324241113241431442424242244343432114243313124322424242141441441442443332433443233434324324
141441441442443332433443233434324324243324241233321332432333343233242243314314313231324313233222423121213232431231324231213231311322342411211142242424322212234214111111111111
334321124213312433324424324411142433241433143243333143443323143132133114224431311143233331112234414444323144411134142441444412414414424144442111333123122231422443122241431442
433124323143441412414432323331232421444433421221131243131323211114243332234222323314332314322242333232332332331342311332443314144423244134331314331444313333324322244244241324
321121224433144334434412312342331443142223443141414332244431331424132333344233232221233132423314414324344441324343144413214142131444433411414231331334143224242444144144244122
331433333143333144432324112343243314323143333324333143324333313143324143333143144331414143331423324144241432432424433242443331443413333143432333141132414432443143314333314332
314333311324341443141414131331124441123331124444114234124324424322323133223224433223433234243243122432432213343333142414133324243443444414324424413133323314223423242444413343
443223213223143144333431143342424143342343143342443123422414414243242223343143242413324433323324414134213242432133333433114233414144413424234133332334133424322334413113223333
141213333424443114223223311212413133244114314233133314343324343144443324332433323324342433343344442313424323433114414323414434223144414433111342313342333324122432321333133311
413333433313444443433333331414124433143112344114241431111324334311423243143334434331331233243143323323324133134413422233123144223312333411112323234422331342333332444432232332
413331423333424333343323333411131443213232332344333332331234443241441143131431431232231113124213111123412244322211131333223131213332333333111221233331122123333131312111111231
111312211132113333322333333333331311311333232211113211224432222214111313333131111432314111224432221111111131133133111111112311224432111111111114212211111341122443241411131122
443111121114411222443132333313333332322232322323332244132224142311122443324413224142333241133143111414111141144133331411123131442444313423432432133433123233322323134441122223
144421113244331233411112143113113331413244323323132333222233123132111112313141431423141444133314211413311144144441441314143124111133111123312431112411124211224431341333231333
331112322131232311223331233211111431323121322212431233334314321313131313113131314313134312411313143131313134143131431313131311134313143131313143131314124143131314313131313111
343131431313131343131313124313131314313131113431344313131313431313131243131313143131313131113431314313131311134313143131313431313131431313131341431313143131311134313143131343
131313124313131314313131313214313131431313131311141313143131313124313131314313131313434113131431313134113131431313131431313131311131314313131312431313143131343131313143131313
124113131431313143131313124313131314313131343124313143131312411313143131313131113131314313131312431313131431313131323124343143131213124113131432313143131311131343143131313422
431313431143133313324313131313124343131313134313133333131111224412411113112114312123211431132134121232421244123144331114233343211412232331124222231244232414333343233242233312
323313243333234433324232424333243323231414414444432314124424344332414242434433443443122244412131333421444244434444242423331443321122331232223313312413141412433322424144324433
233224434332423333134433333431434241433134124323333121333313331223334121313322132213242424224433314331414241441144142224433131224414124434421432414314131243333313414214332413
233324424243233244114411412322444413333333133441431313321444123123222433342323324444133333311411124244142332344444334243132412434444142424441142324434422441444424442444444314
244444324443444444142232444421441142442333444141222244124411114231441441224131431413224314112213121414111221441133333111222312423112241232122333332322242223224444312222233222
222222222222242222222222133332332214322212434323141113311122111333333333312421131444444314241311114311411343134114331433244141331331342332433333343312221234333241224412222422
222312324233324224322444224142241444244143323324444443132443313241433333224414114231414444142441411443313242334433244322324444131424432442333314114233241444344144444444224443
144423233231442423144144424323441443313144144444323324432443324144324433441444411444432143144242421113141444223312314432444431444244334332233431313224144113332333323233323442
413123224333433332314313332433224232331441442334114323242444133232244444311442444424144334444142144414423144344423241433313141431441414324331442324333123413314422432244433334
414333134442324424124331214314331331334344343321444324344314441323443323244414422213323433333132242433333143231433333324313431433341321431423214144332414432232444233244241344
443244312413333444442342331243314233433231423431414442333234431143433324241424443312234411312244131411433311141433111224231311224244113331312244332414123311113432234144313333
111221332433312234231441313331333133314242212122324332343344142444242233344444313224334133143333224342333314422243143232333324443313211331233244333444324332423241332334243321
423424432323312322423233233334242333311242322314244444433333232244423333233232433123133241141333331343311131324112423133242433243343323442331332243443334242224132311323113233
411242313324243324334332344233133224344333424222413231132311323322211343211212223344311112333124322444222242322211332242113432243112333112111431221111423124111111111111111111
142233144411441444342141311143433133241132243443434111114434343124342332134441434243244323133413343122434432244222232313331424312424431441434424141231324332313443412332441324
134423134132433213332321133324223241432433332243331313133331113324242431441233433233124414321314332332411433234123433423424234122334343314224332443231312234414432442423314442
323143434444413413231414134444232413242422133314432442322311323224433231142412332332433221432233114112432414422131421411134444222313312422143314432412122411223324133231122412
334132433234433233441142432444122131443133124143314413133414424412124114414424414324112414221414333414114314334124113434434232444434433124233324434441433414114112442324424114
123114424434411413414434414434431433434432114223134443324233114414414324324114424431443143333443244421343133343244431324324324323223244323443244323443124322432442433424423121
123424341434334342242343414321334434314114244244313134443433323213343123443413322314433223314443313443434443113324434442324114444342323412213324143232324114424114443322424324
442331122313114113314114412412423432314132413224324314123413333112222443233114411412222413142323224311234432111111114143123342423122324413322132333113213344442414113234244223
233132314422413132424433133114424114412432324414222244324311432443424412444223314422344413121414112324114412431233231223224432414244311112123133114443223142411413144323224122
434444132113233233413322314314123324143321323411233113111413224324224132143231213324232412232442232132444414312131111233321423131314212224112433132443112343244243143244142224
232314431144323324132233223224334432311322323341323213314324124323223133324331444133332422223143213444412414122443324412431432433322332441314332124414432331423124324244412414
233143223332413123331444432421142433113124132424114443314142411413332443233323322233224223344344324142413314344142114414343233321324312444413223313434223233432444332441323223
233212123343313244413314112414342222324421424322113222444412424443323234432441324314433233413324332433143433143324331433114432413323324323143133314331443342414414443233332322
414324411343324111324414332313411444324324323343223333213434433241322314332413124413331321333223233222332233314433322244322324122222323222222111113111311131113242243141221241
213332232332223322333144333222443223241222223232222221111131113111311132422431412212414241133333111214442422223243322311121111423133332431244241142322333232432232323121111111
323222323142413344424422243221443431413444411434414331131243314244333441432444222423431111322124241333343441413332234141112323423234133114143241143241234434142124443233441131
113424144232441444231112221333244331141233431144334333444113243241343224124141144133313443423242234114431134333243243443443244233431224444243244124144431141241143244122131233
244433241141214144122232214141413433243141333144232231143244432244331142331233133134323434243241233433143433121231444233431143144244241131233342332231224233433244122333141143
131234132232323243432323332134444424433433344433434241141441141124331141144433144424444324444324414134134144144144122114233133242333233244432432441224232342222332433111211131
441141124331141144433144424444324444324414134134144144144122114233133242333233244432432441224232342222332433111211131441231434322213111111111111111111111111111111111111111111
314144334343324324324143141243142143341113243434414431314144334444141434223244423341444233144214444224143313312324133431143243423424234334422324314431331241433144131334144244
121241144144244143241124142214143334141143143341241134344342324444344331242333244344414334141141124423244241141231144244344114134144344144344314334344321142231344433242331144
144143243241144244314431433334432444213431333432444313243243243232232443234432443234431243224324424334244231211234243414343343422423434143213344343141142442443131344434333232
133431234434133223144332233144433134434344431133244344423241144443423234122133241432323241144241144433224243244423311223131141133141144124124234323141324132243243141234133331
122224432331144114122224131423232243112344321111111141431233424231223244133221323331132133444424141132342442232331323144224131324244331331144241144124323244142222443243114324
434244124442233144223444131214141123241144124312332312232244324142443111121231331144432231424114131443232241224344441321132332334133223143141233241433213234112331131114132243
242241321432312133242324122324422321324444143121311112333214231313142122241124331324431123432442431432441422242323144311443233241322332232243344323113223233413232133143241243
232231333243314441333324222231432134444124141224433244124314324333223324413143321244144323314231243242444124142331432233324131233314444324211424331131241324241144433141424114
133324432333233222332242233443443241424133143441421144143432333213243124444132233134342232334324443324413232232332121233433132444133141124143422223244214243221132224444124244
433232344324413243144332334133243324331434331433243314331144324133233243231431333143314433424144144432333323224143244113433241113244143323134114443243243233432233332134344332
413223143324131244133313213332232332223322333144333222443223241222223232222221111131113111311132422431412212414241133333111214442422223243322311121111423133332431244241142322
213332232332223322333144333222443223241222223232222221111131113111311132422431412212414241133333111214442422223243322311121111423133332431244241142322333232432232323121111111
241214132441424124221411113131112124423133212314142324312333112123114114324324131233244123214442242111411412213124143211244124241111312322111113232311121322223113222441441221
221241222231223242231434432121323141322213232111142311123223241312232224114241143122321241124241432411411124112411124111211243143123214243222224312443331114444323242432432331
321314144111322311411124324422243213142422221432242414122323244413322333243233123124444231332321442312222133244413111213321111411131242231423331434332423312243223114314233213
131332331143113414223114123142124111224411431314413333144113133131233133242122433131421422441324131442433343322343324343322412444143413113111112413223244344324422413231432411
123314332122444113242411114112444442124321314331332322441222344324112434232232244333124223322224114134321112441431414124432333123144122223313114414331331234332233313113223223
111124441124114321411432424413144114113332312223122243331433132122444414422344443231414424322423132222412444244341444433222413213244243343223413233341413123223332424443244242
233224132441413113324314332332443133111422424122331114112333212332433233412424112132414114333143123313143143133111132423224411312311331444314144444342111331441114114344443344
131333114133321122233312333123232433331233114131432411332224111223331114114141442333111332443143114144111332344132224324113331331332433231331131133143132332411334412133143132
421333314412432433133123333143231433124314433331131422242123213224113114112443143131443333313221412114114114423314311323332413312222441331433342433232424424224314314432423314
433242123413242432212313314111133423223143223323114311443312442442414422123231433424222413344411314312133323113323331431423113143123133213423323343223324414111323243313113322
342142413112324222443113314333222131314132313224231323132433121414213143313143313413144213321331442411133222423324444112142324433343233224411331313231413231124413232433231112
333133113322423143133233311144313344333224322231233242443323331331143132433231432424343144321243233144441424221111441231112411141144412124411231222244111321112342233331444234
413341213324414143343412433232341324142443344413333233231244131423414412424124314222423344411432412332314322441333313432413324222343111313414123412443114433324324324324343142
413124124124114213124443324114324444332431323114323233213313122413344324114314443114223241133144141443143321413113311424431431442444443122322321441124144443123143331333314431
332314244442233444331332314413233114144324242441433133132332143313143243312412114233223312411441324144144414142444442331444324424324323223332314323243344443232114423332321222
122232311333244324433232313314414222144324112433223313424124414411114433113232423324423224324244313333123433331314323421332232313314122333324112331113234244243111332321332222
221311111412322122422112221224222324431322444311133324214221121323323331313214131324442223144144144414132433324322244233314141443332324314121443424433332322314144131321333214
443132223232224144244141413331211143322413313123132331212444414414114412333242313322323323232231344443332222431433321443323123242444114441423332443221213243333313313143233224
333244331411324324234114111123144334411443311411443432114444412444144431442222331443244142344223313331323433242331314432233224211431142314314313143213231343243312324413221222
321144444124441444314422223314432441423442233133313234332423313144322332242114311423143143131432132313432433123244132212222124231123242221211121111133112121412133111111111111
223324423314113222131314111144243231114412122242221124112424421243241312221113144131111322421411322312441441131344142413331113341131212443213312141143131243142443331431142431
431442331242443213221313341431214212432414243241241141323433223223233341441313323221341241323141212132311323313143143241241442413143231232443143243144233242444112443343243243
243242443113144111411134411134433231242122241423211233123212334411414431131113134222432234411132234143313422141241121213213234242444131431143212242332324212323133323311133211
333242322211142422244243143133222441411242442434211421311414312412332441141332441423243232443141131343333243433131441442211323141132433433232313312341344112233142323242441311
112413331443331432234443122212333141412432311421323213144234444111133144324444411141114324311433312324424433241141212333324443111242334414241242334313141141431111431414442223
124413331443132134413312142211111324221211131431244434441141332222421243322241141231431113431113131443313143313131214212143231232242133123131413242142331413222214211333241244
313242323132212331442244213444443113142143313122443241243223141122433113313442313342243331142411221223243342443241244141442441131111224443313422131444144241412413312331413413
431143123141443313331443442443123422443141443343142443143223231441412431431444143213142313212443432211314341143243343331243242343313332443241443313322131144244444131412342322
423244441113343143143342344143132213244142331141243211244332442331412333242414312421331413242442413314332343331444311344133142431442443312443333242413313314412123141314343142
313312441344331143242441442442413122441131424131213143312122124431234222232142321322311112222221313422243141442431123111244112211423232341322244114411142222422113322222222222
111144114111434412222441122431222222111431331323224122223244412244241141113243122423112223132423331111114331112242443144132232223243441112424242421213221242424242124242414242
411212124212124242131212441312131312221312121212111421212121213121212121212121212421241113334312441122123242124111231144243432424411131121122313331422214244424421444213424433
141313142313331422222422312133144423124342241432132413111323144344144241331243332231331114324332333142443313131411323233324324413231332414411141443233143124444244423141412424
322431144233144413243424423243314324141243233234443244333144243241332243313144314124112423224111432333444332314332333123233232332233314411233224123231241321221111242243232442
222114423142332411224323421212124113241144211334114212214444222414414243424342421142424322424242424342431244244444141441244411444443444443142441144411144114411141111123423321
413314412131333424441431122223232132423242143223131414414434324411241131141141413123244232424433131431333241134333324123224242412322441143211432244224443334423142134344114441
141144413133244331214111131432414442422243242422332441231443332432231411444132332441443331242233224124311332342443331443344414314322433233231414424224132123244424223224421133
422113232423222323143243114333241423233142143241122313324132222311314433111232324113322414213144413143233233233323323331432323333124242424124424212221124242222222112434131221
111412232331342322432311332224141411422231412232242122243224222212121111321232112422322212124223222232421342112444444144441444111222131212111214233214223213112224221222222211
221221222222123423122424114224233144413222111423312422332224244241112113323311121422241411422433114134114111111431111333314214314143124412232424224222333122324232224132433231
114233124223322242442411121133233111214222414114224331141341141111114311113333142143141431244122324242242223331223242322241324332312231121112142211111242443113144111111111111
233432334223443344223233344411432122112143122134231433244413244311313441421113413343433433143324144432121111444424124311343232331143313142343134314331443434313243131432323223
232343343343334143431333223143334343433443342414233234424323433343344331413111314333433341333342333413332443343333414344143324414311112412432231131333144331442323243323441142
414243223243312342333324332423333233244423132442422241441222243211332413433322242311441141432414422243312331411311431332324331334412423323243432441123142313242314341314133332
344442423312313111143341442143333241141141241114411111414434134141114111211412243143243111424334111311411411441411413441424332431411132333114433322224442331411413324312124443
242241323124311124144212324113243143223142122143141433131443343323242443123133144422232324114114144423243122223321113331424324323233312323331232233232343143224124143333442424
233314421313333243123314431431433314433133333233231324433322443233222322412433232422432242333331441423441411432441114242411243241132411443231412241441432311411341411431431222
412121312432311332231234433313424212242334443231411244414413233141141241414111332322212331131412111141144113122431414321143142342442124444434132444414233231224112332312222121
333111133324114331224414143242322332424213323214112333143143141411331231144344414443324314241223143144333223331223243333141424442322441331444311424312322243323113233144122214
433221131313244331223221242233141244333331432442423324333433222312324412232131111113314412433313342214412231443143142423242133234442444144412444433123233223133424432133122423
132342144441242441424141131431222142411422424311344331444224243222321431112124324221242331411122424242431141111321443112421323223341242224242313131131324124241322221212432222
232314123244222321141422224444443444432423133134243142123231141212231442443314114143224231431141441441314112232333143422113131111233124443142124124431442332324224311132314223
311142313144114111431411142231132233111444221441323233132311242322144231441422424232144324411414331114112122331222233222332242442241111331314231424414141242224411133131423142
441433244424421333144322214312212244124231121431224222224231242143242222114111232443331444242224314324241411423132313132443313114413432443213242321221111223241242223242411122
213242321221111223241242223242411122323141424222112242132311244212312213112222324211414111121221322122212332142122332113324231411211211121224411331141312442111311111111111111
431413443113344433432412244434434114414331223444414132324424442234432433331141424121142234432231413134332214343314314241423441432321244144244314344421334142443443243143143413
233232414324142224144334233334132332233233333223332333332222222242222334223333222333323332233321233334134133441233241441443143243442443143243241422323442411442122231222323324
233332333323333133331232122112122122322224114122322342242311433433111424414142434122431411444442432232342223142432232234443441441441142144442431332314313212333114132432443113
143414223324444111133331444311113432314111244122332431341143132141341412413113233431431113113233431113411111411341312412431123223144111421141443121321112114322132332411114222
413114321243322414323323112424442421414232111323123322111444423121324324122424413111433321411414331114212143231324212432314321242324341224431411412431331113222412443331431431
414442311331441314114311143133131223141343323321122233111221311412411222411113341132141112422412423212412114342411112333323323333414414414411314141433122432114123114124224441
113123111223122441414322443114322412322122313411232123322312114243123111131322224411114114114141423311323111412124441414412224414243323242314121124144131424441332141221413312
411341433114233221124412314213222433341124243233224124221142114411224331431144122342223324324314412133421414224341411313312244422332343114432222322413112441331114134123112311
122342311412431421111412321444424222122332432332124432311444124141142413223222324414441334223124331333144124111124412144413331322441441322432412124222441311124331442143441122
442132442331441422123314412141222231333133124441342312342231112311323223112443312444441313123124332333131311234314222441414124441443114222124111143314122143324144332432314234
223321124112111112311424331114322314333314121132124122332332142431311331331343132311131331332324441314131332314322442323111132112331334322123314411114332433114133143111114331
331334231114411411323322111321132411132422424132411212321112142441112431112414432423112442421141411124144432332111313222322332414124221143111421123123324231321412141143412411
412111411111431142232224123142221323111314411444121433131142413113223124314432223324112421224413314242333111324414422413123332224424111233212221431314222431432342433123122231
414324424143122231411321432311331321411142443133312222332323223321322242322314314221432111221311412341411244221131411322222311311143114423112124314111124323331411122412314112
114413343124224414122224411441114441324142223221223331323323111224414114411324224114311121114224412331233332311133121212111244122111412113123232333111322312421412111441222424
113123221124132143223221314213122232142411421113333333143412411131412231233232432332233111411314221414314411111311321321321232223114331421124314111222322312412313422412321311
423142433324212432323314424313243212113143113223331111443124221322343222222424313223212413124411122122411411411432223224432244111411412121133311414222334441111443114432224223
314424112314244321133244221411132432411411411411231414411411432413211141133143311143322111224243111131213242243212412421132431222413321133132434111122312233432421124222231311
212221114314114313423142214412223322324312114422222224214242112423221123121423213312311121222214414212322211242221412142121221431431243112112213123121142232311431414431423212
243114413322322243243314221231214432422221142214111132411214311313241121324214111243132224323142112132241422422431121222412212331222442242213141111122322113242112241244224224
334211214212122433242122232133232142112444322212424321412222112123322414332444311424313114232222211114111312442221322431311113241231422224141412342211243332241142442222242444
234221124333224114244222224244424241113111244241411222411224423332332122121421224111221142321322112221231142312422312433324122221212132242123212311211131224241213224124214241
142233313144433224243413124443243433414443114431424434434433433331134414324314134111443114113443412443343342144231432111412312313332442111132224331414113331431441223133143134
433132431413233141433324322314433212121412442313232424423123223142144233131243131343242132414421114114221222111232324242422332212222424322411322412311131414413442344433324411
441134323234411224433434411133412324333422424222424111314141114121443443312442331133224114432212314414443141322311114321321111124113443332411412322333114233212413212413322123
123122441442443231441442324431432432114414431433311212443114114424124423324413222423132333133332322441132141244442323441441131242424112424442243121332111111324124312311431432
224221441311433324311413232341112212441244111423414414131422114312412244413141124121411432421314112313122443232224112244443213341421432324344414111111423423212414112432212444
311222122442332313144122114431131112112111443111411111122212231431414141222323122433132442411141331342213224443123332442413111411213243123143142412412322223233224332213243334
442114133324422422441431233212423432224414243432441222322432442122442221413423132422124422144233122322322141441222413314413124433113111122442411313124411411312443123114222121
141314223421331122111422411311122411431444131331443341323141421421432314233133112142414411123122411441411212112134424124324431121441141412432243131141111122443221411133421444
424114121112411114132441111121332423131412411411314133112424332213123212433122443412121224414412114424414323133331422431123314431441141224324432314144323212431442233132423114
242413212411112422331133132421222132332224411212442432242443322232414414111432424414114222444411411112122414422213312142213222244331224411244134122334231141412113113111242212
431111121123242112132111413112411342422424443222313421324442331112432441411422131311443222431432434323111242441324133111114314324413143131122441123313332423242431414421223131
131224232424133114343232444431143123323314432443243241442211433331424244124324224331141324311133132443234222334243331112331144341142222321414442232244432322443133243424233242
432213313343331144333332244123232244121441422442411214114431443143123131324444231324131413224114324131222443144431234114441243123312411423133142323114333124244214434424124411
311324231112314222214312413322233224244122223221223234224231142222321444224112222222322222232331244242211241212214141241111134221431422412222242331111431142312443214142123312
431144242322422431244114441214222443233322441443212421443224233344411141411324233243143241112441324223222132413324323143142223223232312121223331111311421312324341231132321433
111222433332424243213124124412412212212222114423242221441144411124432132244331433122433244312224421421214212412232313312212224231244144314131213133141112444441411131421312123
222324232221422212242424324423211431143241412312224311244111131342113224222111142222232442143222143222124321111111121124131224442123212223222321141321312214214411112114232222
312432212412221432422224244211224322222111441142212211212312114221221221121222241131314424412424114412222312221111133114244222241322222324224112411311324243322424411222224314
114242221243222422143122231132243122122121114144212211243323142212424222423112421324432414412232123231432423222232113242421442241422224113134243224244131231443323324331431422
322411432232222231223324321323213324212223231422431431324142442311112131222324443313323144411333124312324332443122214431431414333324133423333313144432324332313423323123231222
443242421114111244411114441111441414143112241443142241331212231422221222122212222211222422222223233114233133142323241112214113142144344212414121123144332112312422424122323222
232214244142441124223212333313114114412212123221214132242322422314122324212221333122221224111312121321142233124212222242213111232232411111111311113112424111312211112211114431
212322121413224232242231412232421222133312222122411131212132114223312421222224221311123223241111111131111311242411131221111221111443122112112123313424243322322132411111111111
444434243234344321211444434414432444344342243232434323243443241344343222242323344423314144332223141144141144314323242223232431414414214442332223143312411431242422411332321332
422144242442132413332132323312322342214142412441423332141444322132141414333123433244413323324413313314114331132143311313141433313311444332233141331233123314114312424121141332
332233121324433121222244113132413321413124233141244414233312233214314131143241431334224211331414113212213214433224114113324232113244124323122433244431144332422214433442243442
443231243324211233214313222444144324144244424412313324144231441422341413314332343311312443411133331232321321111121311114221432444242442443141443324211233314323322444144324144
344414112243224113334444134414422431424143341412343132432421333143324443313142431141323312323111111111141111411111433242221124313144242414244122432212443212414121442241232343
332213333444423244242124324243222332314314212443232413123232214124233311322314324224441412442412122223113332132233211131232423244442233222142322411242322124323112212224424224
143323232233131141432332331242224412143142241141442242424442444324224441424144124414242231424333122232312222131222211142342233233113121424242122442324114444424424441243311143
323122221312222111423422332331131214242421224423241144444244244412433111433243231142212441312242443313312424432211124122222232113211211142441121212122232111111111111111111111
123334344323324414333243343334333332434113331443333433433112443234333243323243433432244333423333232311431212323441211343333223343133222313444344244414324144323324234221232324
123322431333244314411432442143231313222113444144332231312122331411114111331322243142433141324411411421134423132324111131444244414143243323232224113323233314413311323211333144
414431113224423412421143442443224414131411231232112441111412131321411442432444412131231414424124412132314434443233424412411414112443341314224442414421414324311242444122242131
111244223134432413131222443121412133231233242321332223124133113213142222312243113423243312313142444112133212223323344114311431113224114411124243322142432224433113324131244314
233341131314412411312334114131124223233111412114412122121331222122412111213244414243124131133141314141332444111124132244331112113122422111131124142111411141412421223224421114
411313331412331443142111412331411411412213333111222441322224412314413322142113122442332432212413113311111314143142432424232132142444112221112444441122431431441143143441111441
341441433114343111314314412441444133131444133133114114433344142413332224222232432314343322333332312443213331224411313334222113111412443212344212122321432414332412334313433332
413333414114324411322413243244431441111332122332441413323213141433243224212411344422224221433321312412341432333314221114123231412413344324132424422441414114443213232124424144
433232312441421344111442433244212222411123132424412414124331331412133432433141324442244233314333321441113322311432332221442212412111222143212232244344143111114441133114223313
314233122443111313213232232443212441314441413423324441222212122112322332411413131414131433114231224331413131213111412114432224121111223114142212224212222414411111413222424412
111431414114143324114314132333312142414121121222212111112442423112311442424432213111412122222414444422213223331433123231324213114143243134422233122113222441331243223114212332
334114412323132213343332124142413124443244443433424421414313133324432413423224212313424414131411424412444144343142333331244411333241331442333232222324231144132223244411211213
244444222242222242222241132423231112422323331114124321111131314332323322221431142211114432444214413243444141324332433222313312222323333132233142413243232212222424213312114331
131133432413233144122431211433333242411123442432421324312133324331432424132242212332132121222232114414241121121224233414211321132212221111413122233223242444312241324212333133
242222331144111244211332422232414113133241112311244321213122331113311232111343212223322224424244422244222242231222241112131322224113132414123342111132132141232324411424211224
241114111322432243143222113111124141113223331112111132242222411422212424131322243223332231412244424332322442413142422314111242114314313414411444143244313244414411414334442223
241422424222244324322233212243233312232243311231433133333222332424111123243313322414414144113114142221111444321124123233323334423223332244113124412422412121242434442442223324
422211114443211241232333233344232233322441131244124224121212424344424422233242322432212322332224333241432412443211144431422223441321221114132411124211411241433223214432444343
122342141444144143233323314432321222141433444214444143431434433141213323143432133244344113244122232323334332433443324332433131433441323343313233442144122333343324231223332143
331432322444111324314144442331414412224314223241133243131323314232144123233414311414342143323124432431133242414122143113122222143113213223142434124213143234414413233133324433
232422333332432433133222444433412413224421324133324143113333314124231224414442131414114433143244224444411314333314223244234114134314422324413244123143213311424414114113114213
413431143433122413223231341242413124412443433133323243112242433322414414324342324423222444332324444413311323312433314324341413323132233143232232412414323142244123122414324324
414114412443124433223314414433321413331444333222413314443143333222433314414324324413413442314311433143333213313333443143242443431441433333233332443143232413423233133431444132
442432232344143233313233231413233442441142413424413324412333132412443114323223333143412442222342413243114114444412333114313444114344111341443344333341114324143111414213244413
242323414443114114143114313434333141443133313324244414223123344413123323123313334414323113414443323124114244414112344312411443423223114223324343233414432424433311321244443311
114111114113143113124133213414114324143344433124144213213213111344414123324411344424412443344341323423213114222443111113231143443244114414411414422323314142344113241444224411
321213334441331113231344133132341443324311133223324441441314431443314124433332331324444112432333143242432424414141143241242222442421224231433123423324441323441413212443323433
233331333233232244112213114333244442224114324132221214324311424212323322221232442433233231113331423231413132111243141311313322332332431413133244132414331144144332444414433321
444414313342412441414413141431444432331431332232223244132443422313323332432314243224443233134443144442314143132333211222124243212121112124231412421312141412321222222321111312
233332333313233232333131414243244132422331443332331424443241243244413332214412444432333143233222323324241124414431414133233112111424332232444322222321133222423221432133242421
324111222444332224412341121244231141442244144441441111241144232133144324144424144431114432413411414444142213141222332421431442424443221314131312441324443244414434143111441143
143241413242244141134322131141322312431143114413124113231411313241442314114312332432423124131334323414241332241332241331142324233242221441324122222332122144321444222441332412
422323114124232141122431244324433224244112141244222243122331433114242432421113242121232421121241123331432222414232413111123141422144123224211144111111111111111311113111124414
124142132243241411141124144411441422443122242241114242142322222323222222222211224311322221322214122214414423424343144222422131244421212242424124324143224441243411241233242313
331442142414212143133314241113242142323124331443132424321433313232443231222112332323321141141414414131314342333312224131412431411141442233131442424332241223242332111133422233
344114322223324424244434322321133211233231123412233141132122132324222331314241213242423214422221444144131422312241242213221141124322233144244111422332211422241443223111223312
223314424411142233221142224144322311122331213143131221111233312231241422241112132432324224232244111213311231412242244324114241242441211141144412322141111132111111111111111111
143313211444141121113143143144141144144441144424224414444141414443124312431312131214124122314134432231411114113313114411243221414414222242122211232111212222213222222424242414
323221422312242231113331232223311121112232232442412123314111112324114232122424132233331313331444433233142143111232231224231411323231411114132234142133242224122332222232313241
211141114411114321331331221312314232213341143314313214224312323444224144222331114233221223214412314414423242331224423144324414112224122132314412323114324211114331241144114111
124231111324223241241133311131224312314233141331124144244432211143114344121324232132223223331231333323142224231314144231231144314113143314124442211223244431244424433141314323
241132424414244113212231141414424243231144112124424241114233244411322314224142331221244321344114131443143242222314121113211124141231124111141224323311422224314244112341224144
124313241144314314131331224432133314241241233422334332124313244424442214432314431232423331131414141322241244133231431311144332224321241331133111223244244141142314241314422441
114111214112124114244223414124324124131122424231324232421131244111124224124331244424223131314424132314224224244323324333141313232331124334142223141242241413421322311231124224
223433132244431224244424112431131223142224333223123321332311244112132431231224114241124331413242333411432324323244332311114331324432133312244312231224324311141224333214411233
313223314111221141134234212334441141312314332422224113321433244122131244231331141223333432444123224133422223124411312321433411224421432321241111424214414144231244321224423421
332224144141422233141114322213441242433133312321214114422231323333423233311241131114112443312321122214123221411114142242324113311431431343421232124331224331144331224124131131
242333224124141224141143231312131224131142442222242121141243424121222211131244111141313241114433231131424142331241314114111333241111444311144141224442232314121143141222311112
433224443231324144333141311444143241442211141111131233133322444221113141224121313244324314112133312314211311132123232124221332131124423144143124124231122224124133124411241244
243214432424423312123131224431431424244112224122442424324232321421233431313243423113224431141141344244244241122431123324141324241431314132224124142424131113242132224114142242
332244141411233214131232133123144144312424424432431231212314224414433141223311131133244314223323212131141124424231141231244431311433333243141234131444324144123432331232232314
324232244124143241144244323144313322441114324221121322241124114313244112224311142324244132133332432242241443322332124222241424442324321241124244212232324144124141241111112233
214114144341321414222323144143133314244243241311112224224114444333414114214111244134324224431114124411444221232323124331232324113124224114124314424233132344414124331323241243
243331313111331231433114444331224111144241144124321333441141224311144322224331232324423312231134233112223224231114411124124232244241224142421132241414322323412332233332224222
331141323224444224132231224124244331331144241241224414141124224124141113123223311312244133123331211223324324132124224311221144323331242222332443333442241444124324133331223241
412424141244322331324414144244322432224424114421223121314332233211144311243222331314412221141213333141114431233241214431233143112312233443311412233224424244324113112213131124
114422231143242224331344114331312314132443231134331131124233324331333314244312443342323114114413141123331433232322331231411112241221414124431431224133214241221133223331131131
131321112224233124121122124241223441441314324224121424411233323233231321122223144241331113222224324114324243141112323431144244132331141423222233132131443142131424324411114314
312141412431413133331433331221221112311332414331312422123211144113241223131132223231414124112122412113211132231222314222132224221243322112122324242322224311221112242314231322
322311113322131423322332114221323223124141222312331222132112132421222224424413214432243321242432212424214322222132222212442432412211244241231144214411114224324223212222324113
232223212132221141213232122222111131321232431113231441313222113144431411213232111113224121111241112121412221122212411332233123124124222424212243223222224412332312232313331222
443211233144112122422123332233312212122411422414111242413141443122214142124413222232222322222322222322222223222224141244142313132323314432441424314244313112323443231324311222
334232333114223114341223233243222141321244122232221144112132442224314222242222324413212123143141244214131424222124214124242242242222212312244122221132244333414241112112314122
222423122313132323333314222244112113224411421144223122333221141341244122324224113212444423331313243132122112233133313242114443114413133122332232131212114111111423232333311444
243132122112233133313242114443114413133122332232131212114111111423232333311444314332224221322221112122223242212213114243232112242411322221112111121321221141442111111111111111
412444122444422223333233312424323114132443432111142222414322323111142321414331334233144414314421432432444323344441313222434223444324441434243222331341344241313432233324412244
314331413243322334442313243312441441433431423141233214342341433333232414231441113122223141332124411132424142441233122441144431443331331333331333311333314333332143141413324244
411434111122331244413241322232432322423222314132233241111311342232423333322433423331143112441241222412432423333441341212241131124422313241141333144233141241143233314112433141
443243233333342443333243133143143233213133443443333243133143333323324433332423123223242333223331411113321331444314321344222334232444322322431223244413143311423242413224313421
323333243332311311412422224331132443311413324333242431432424442241223313133333433344313334342334343312443312321311431423131431312413441442242414434324333331331241434324323141
214341244232443333233231431232212334142441144111222434242441421222441241314111313222234131214242442442433321241433433241442244323241324213313312331321311321312424211314223324
312444344312411334414433312332313312312313132441141323314244211232132444134411314322241442434242224243324233244414141334434313141441141411232334311411144441433231331341432433
333144414313211434143132433311311313314323323233331433111411411133132441244141121222313332231412334244434241434322341412422334141432411241443322441132311441243331443244411441
433144444414314443231323314331332411423311111444231423213323334331211111132312422311413141144433241323141324131223233132232242233331324131433233313333312323233323333243312222
444222244423222411333224322431121442424342314114313331441322331222432224233344443233132411311422443324313244242222422424444144144124444142144131213314322141222211442222213242
414441242224441412421141112422322431422114442214222131123143313122321442144443331322313342132113314441143242333231324224112222323211322311443331212324241112432443122243133213
323131414243122424144422112411121124213123244332241113313322221221312444423214113224133333224144424322422333232333242244234424442244214222321314224443143244221442141444142242
311423232432443331433111333242324131133232244241133221421332111144111232313333123331313332441441222312323224212124124123244123313311413224222212432314442311222322222232222222
222222222223222223222414132444232343222422433314432441424414244342412322443221324314332224332333344323414314233243323143323344142143244413313144223124331331244331433113222243
124222242141412444423231314242243331443244232311132332444323144341233133242323143323331414243244412213112242414331331342331432441144423113123222213122324311431312324312222313
221311224241433133134233143244114442311312322221312232431143131232431222231333313332233332332232333222221212333122222121234123232212222131121111322243243313324242423241444424
